@book{TESL,
    title = {The Elements of Statistical Learning: Data Mining, Inference, and Prediction, Second Edition},
    author = {Trevor Hastie and Robert Tibshirani and Jerome Friedman},
    isbn = {9780387848570},
    year = {2009},
    publisher = {Springer},
    keywords = {machine learning}
}

@book{MLAT,
    title = {Machine Learning for Algorithmic Trading: Predictive models to extract signals from market and alternative data for systematic trading strategies with Python, Second Edition},
    author = {Stefan Jansen},
    isbn = {9781839217715},
    year = {2020},
    publisher = {Packt Publishing},
    keywords = {machine learning}
}

@book{DLP,
    title = {Deep Learning with Python, Second Edition},
    author = {Francois Chollet},
    isbn = {9781617296864},
    year = {2021},
    publisher = {Manning},
    keywords = {machine learning}
}

@book{ML,
    title = {Machine Learning},
    author = {Tom Michael Mitchell},
    isbn = {9780070428072 },
    year = {1997},
    publisher = {McGraw-Hill Education},
    keywords = {machine learning}
}

@book{HMLSKT,
    title = {Hands-On Machine Learning with Scikit-Learn, Keras, and TensorFlow: Concepts, Tools, and Techniques to Build Intelligent Systems, Third Edition},
    author = {Aurélien Géron},
    isbn = {9781098125974},
    year = {2022},
    publisher = {O'Reilly Media},
    keywords = {machine learning}
}

@book{AISL,
    title = {An Introduction to Statistical Learning: with Applications in Python},
    author = {Gareth James and Daniela Witten and Trevor Hastie and Robert Tibshirani and Jonathan Taylor},
    isbn = {9783031387463 },
    year = {2023},
    publisher = {Springer},
    keywords = {machine learning}
}